<?xml version="1.0" encoding="UTF-8"?><record xmlns="http://www.loc.gov/MARC21/slim" xmlns:cinclude="http://apache.org/cocoon/include/1.0" xmlns:zs="http://www.loc.gov/zing/srw/">
  <leader>00504nz  a2200133n  4500</leader>
  <controlfield tag="001">n  97920388 </controlfield>
  <controlfield tag="003">DLC</controlfield>
  <controlfield tag="005">19970717053356.7</controlfield>
  <controlfield tag="008">970703n| acannaab|          |n ana      </controlfield>
  <datafield tag="010" ind1=" " ind2=" ">
    <subfield code="a">n  97920388 </subfield>
  </datafield>
  <datafield tag="040" ind1=" " ind2=" ">
    <subfield code="a">DLC</subfield>
    <subfield code="c">DLC</subfield>
  </datafield>
  <datafield tag="110" ind1="1" ind2="0">
    <subfield code="a">Thailand.</subfield>
    <subfield code="b">Samnakngān Phānit Čhangwat Mǣ Hō̜ng Sō̜n</subfield>
  </datafield>
  <datafield tag="670" ind1=" " ind2=" ">
    <subfield code="a">Khō̜mūn kāntalāt Čhangwat Mǣ Hō̜ng Sō̜n ... 1992- :</subfield>
    <subfield code="b">t.p. (Samnakngān Phānit Čhangwat Mǣ Hō̜ng Sō̜n)</subfield>
  </datafield>
  <datafield tag="675" ind1=" " ind2=" ">
    <subfield code="a">Nāmmasongkhro̜ sūan rātchakān Thai, 1995</subfield>
  </datafield>
</record>